@article{Bircheretal,
  author        = "Andreas Bircher and Mina Kamel and Kostas Alexis and Helen Oleynikova and Roland Siegwart",
  title         = "Receding horizon path planning for 3d
exploration and surface inspection",
  journal       = "Autonomous Robots",
  pages         = "1-16",
  year          = "2016"

};
 
@INPROCEEDINGS{Bircheretal2,
  author={Bircher, Andreas and Kamel, Mina and Alexis, Kostas and Oleynikova, Helen and Siegwart, Roland},
  booktitle={2016 IEEE International Conference on Robotics and Automation (ICRA)}, 
  title={Receding Horizon "Next-Best-View" Planner for 3D Exploration}, 
  year={2016},
  volume={},
  number={},
  pages={1462-1468},
  doi={10.1109/ICRA.2016.7487281}}
   @article{Oettershagenetal,
  author        = "Philipp Oettershagen and Thomas Stastny and Thomas Mantel and Amir Melzer and Konrad Rudin and Pascal Gohl and Gabriel Agamennoni and Kostas Alexis and Roland Siegwart",
  title         = "Long-Endurance Sensing and Mapping Using a Hand-Launchable Solar-Powered UAV",
  journal       = "Field and Service Robotics",
    year          = "2016",
    pages = "441-454"
};